3188 5328
737 289 944 422 ..ζυ-

197 509 365 575 terminatio
387 508 514 589 genetivi
534 507 567 570 in
589 527 635 586 ος,
650 517 811 589 1ροοοισιυι
832 508 1057 574 terminationes
1078 507 1110 570 in
1133 530 1155 585 ι,
1179 529 1210 586 α,
1227 529 1252 586 ε,
1269 531 1312 587 ες,
1329 529 1411 586 soce,
1427 529 1483 588 σι,

197 611 306 694 quibvs
327 611 474 674 accedunt
492 610 716 674 mmdnstiones
737 611 769 674 in
791 633 825 688 ος
844 619 877 674 et
895 631 935 686 υς
955 627 1059 672 eorum
1079 610 1250 688 nominum,
1279 627 1405 691 quonum
1427 629 1485 674 ao-

197 714 318 778 cusativi
340 714 372 775 in
395 734 427 777 ιν
449 721 479 775 et
500 735 539 777 σν
560 713 726 774 formaretur
747 713 797 787 (ci.
813 713 960 794 Spitnner.
975 711 1014 772 de
1027 715 1104 773 vers.
1119 711 1185 773 lter.
1206 731 1237 792 p.
1253 715 1306 777 67.
1328 711 1484 774 Wernick„

197 817 236 878 ad
256 811 366 896 Trypl'v.
387 833 418 895 p.
435 815 520 890 288),
547 831 607 876 una
636 831 717 876 cmm.
732 813 809 894 ipsis
833 814 882 877 lois
909 812 1092 875 accusativis.
1136 813 1198 875 lam
1225 812 1295 876 nolo
1323 831 1484 893 quaerere,

198 937 258 998 quo
286 919 351 980 iure
373 915 507 978 Struvius
527 914 583 976 lias
603 915 830 980 terminatione
849 914 975 977 nobiles
996 931 1065 976 esse
1086 913 1208 990 dinem,
1236 913 1368 994 reliquas
1389 933 1487 994 nega-

196 1019 285 1082 verit:
308 1037 379 1082 nam
399 1025 465 1078 utut
485 1016 543 1078 boc
563 1023 619 1090 est,
641 1025 746 1079 manet
763 1025 864 1080 aneu
882 1015 1067 1091 mmcd,
1088 1014 1136 1077 lris
1157 1023 1274 1078 tantum
1297 1017 1486 1080 terminatio-

197 1121 285 1184 nibus
313 1121 345 1182 in
366 1137 504 1180 versuum
533 1117 664 1180 chasma
681 1137 772 1180 usur
793 1117 1038 1192 essellonnum,
1069 1117 1110 1178 ita
1130 1125 1231 1180 tamen
1252 1125 1287 1180 ut
1307 1117 1396 1180 etiam
1418 1126 1484 1180 ter·
1566 1191 1567 1196 ρ

196 1222 358 1285 minatione
386 1221 500 1301 primae
527 1218 735 1282 declinationis
760 1220 793 1281 in
815 1237 872 1298 αα,
899 1218 1008 1281 tertiae
1027 1218 1059 1280 in
1081 1241 1113 1296 e,
1142 1217 1275 1280 omnium
1296 1189 1366 1280 reio
1388 1219 1420 1280 in
1442 1241 1483 1284 σι

112 1307 114 1312 “
196 1323 380 1386 abstinuerit.
424 1321 623 1390 Paucissimos
649 1337 752 1383 versus
779 1321 850 1383 huic
875 1320 934 1401 legi
962 1319 1143 1396 conuarios,
1171 1319 1280 1400 pardm
1308 1331 1481 1402 corruptos,

195 1425 303 1506 partim
325 1424 362 1486 ab
383 1423 547 1486 imitatione
568 1421 725 1484 llomerica
745 1422 791 1486 vel
811 1421 1004 1504 Apolloniam
1032 1421 1232 1497 excusandos,
1261 1423 1330 1486 nolo
1352 1443 1390 1486 cx
1410 1425 1481 1486 dili-
1566 1445 1567 1502 l

195 1527 369 1608 gentisumo
392 1524 507 1594 Stvuvii
520 1523 619 1587 libello
640 1524 699 1585 hoc
719 1524 752 1586 in
772 1523 838 1586 loco
860 1506 1038 1614 describere.
1075 1523 1150 1586 lllud
1171 1524 1270 1603 potius
1292 1527 1479 1588 monendum
1566 1513 1567 1562 ³

197 1638 258 1702 est,
287 1628 344 1690 hac
370 1627 402 1688 in
429 1645 463 1688 re
492 1645 562 1707 cum
581 1625 689 1688 Nonne
716 1626 932 1688 intercedam
951 1632 1129 1700 sectatores,
1158 1625 1273 1688 etiamsi
1295 1627 1479 1708 peculiarem

197 1745 345 1810 quemque
367 1737 397 1790 et
418 1747 504 1790 suam
525 1727 600 1790 uam
623 1726 715 1789 nihilo
736 1727 836 1789 minus
857 1727 1025 1807 ingressum
1047 1745 1114 1790 esso
1135 1729 1238 1807 negari
1260 1747 1321 1790 non
1343 1735 1452 1809 potest

280 1831 399 1894 Etenim
422 1829 575 1893 Colluthus
601 1828 839 1891 terminationem
867 1829 981 1910 primae
1002 1827 1207 1892 declinationis
1228 1831 1259 1891 in
1281 1851 1304 1893 α
1324 1829 1476 1906 mobilem,

196 1934 254 1996 nisi
276 1933 307 1994 iu
329 1931 492 2013 participiis
514 1949 667 2011 nunquam
697 1930 826 1993 admisit
846 1929 901 1992 61.
916 1948 943 1992 v.
960 1933 1017 1996 30:
1039 1933 1200 2011 μεθεῖσα,
1233 1951 1260 1993 v.
1273 1933 1331 1996 33:
1361 1928 1474 2010 ἐοῦσα,

196 2055 222 2096 v.
238 2038 296 2100 43:
319 2041 478 2111 τυπεῖσα,
507 2051 534 2094 v.
553 2037 612 2098 44:
635 2029 794 2114 δαμεῖσα,
823 2051 851 2094 v.
866 2035 924 2097 46:
945 2031 1114 2115 θοροῦσα,
1138 2033 1201 2095 rell.
1246 2033 1330 2096 Unus
1359 2042 1479 2097 tantum

196 2136 362 2199 conuarios
382 2143 430 2198 est
449 2153 553 2197 versus
575 2137 654 2200 too:
1069 2199 1075 2212 ,

400 2238 518 2320 κυανέη
540 2233 601 2318 μὲν
622 2227 773 2318 ὕπερθεν
795 2225 1061 2318 ἀναθρώσκουσα
1082 2233 1243 2329 θάλασσα

401 2329 542 2422 οὐρανὸν
565 2327 735 2422 ὀρφναίων
757 2333 873 2402 ἑλίκων
895 2333 1042 2416 ἐζώσατο
1064 2335 1185 2420 δασμῷ.

196 2459 284 2522 quem
307 2447 478 2519 corruptum
500 2457 567 2502 esse
589 2439 773 2519 ineptissima
794 2439 938 2502 enuntiati
960 2438 1106 2501 sententia
1129 2439 1348 2519 aperteprodit‚
1364 2441 1476 2502 etenim

195 2541 296 2604 vesani
317 2549 363 2604 est
383 2540 529 2615 hominis,
552 2539 721 2602 caeruleum
741 2557 824 2602 mere
846 2550 963 2621 super
982 2539 1141 2620 insurgens
1163 2540 1277 2602 coelum
1300 2541 1376 2620 nigri
1398 2541 1478 2604 vela-

195 2642 285 2706 minis
314 2642 410 2705 vinolo
438 2641 567 2704 cinxisse
596 2641 705 2704 dicere.
750 2641 810 2704 Sed
837 2641 875 2705 de
901 2643 1089 2704 emendando
1110 2643 1168 2704 hoc
1189 2642 1254 2705 looo
1276 2642 1390 2706 lacunis
1413 2663 1475 2706 non

195 2763 302 2826 pavum
324 2745 481 2825 depravato
504 2743 553 2806 alii
574 2743 701 2806 videant.
731 2743 887 2807 Praeterea
908 2743 1131 2806 terminationes
1152 2743 1185 2805 in
1207 2764 1243 2809 oe
1264 2743 1383 2808 admisit
1409 2743 1476 2806 col-

194 2846 296 2910 luthus
317 2846 348 2908 in
370 2865 414 2907 vv.
430 2848 481 2910 39.
499 2847 572 2911 187.
586 2847 659 2912 248.
675 2847 748 2911 367.

283 2947 421 3010 Musaeus
443 2957 542 3010 autem
563 2947 596 3009 iu
616 2945 743 3010 vitandis
765 2946 913 3010 trochaeis
934 2955 993 3010 mm
1016 2947 1120 3009 anxius
1142 2947 1210 3022 luit,
1238 2955 1355 3010 utnon
1376 2947 1476 3010 solum

195 3049 346 3131 genetivos
368 3049 400 3110 in
423 3069 474 3126 σο,
498 3067 552 3112 oco
574 3056 725 3124 exeuntes,
748 3049 802 3112 sod
823 3047 912 3110 etiem
933 3058 1107 3112 neuuorum
1128 3048 1366 3111 terminationem
1387 3048 1419 3110 in
1437 3071 1475 3126 ος

195 3159 226 3214 et
252 3150 364 3212 dativos
385 3150 418 3211 in
440 3169 476 3212 σι
497 3149 639 3229 (exceptis
660 3151 1025 3226 aritstoteles)
1052 3168 1120 3212 cum
1142 3151 1207 3214 aliis
1229 3150 1380 3213 nonnullis
1401 3151 1475 3213 vitn-

195 3252 279 3314 ven't.
323 3250 423 3312 Octies
445 3251 542 3324 enim,
570 3251 697 3314 si-recte
719 3251 857 3326 memini,
887 3251 1067 3314 accusativos
1089 3252 1193 3314 tertiae
1216 3251 1419 3314 declinationis
1441 3252 1473 3314 in

194 3370 334 3415 versuum
356 3352 435 3414 exitu
456 3351 565 3432 posuit.
610 3353 721 3424 Quater
741 3361 857 3416 turtum
878 3357 917 3431 (v.
933 3355 985 3419 84.
1000 3354 1073 3418 268.
1090 3355 1162 3418 275.
1178 3355 1253 3430 617)
1277 3353 1473 3416 nominativos

194 3455 343 3518 secundae
371 3453 575 3516 declinationis
602 3455 634 3516 in
657 3475 708 3532 ος.
752 3455 943 3536 Reliquarum
968 3473 1038 3516 vero
1067 3455 1309 3517 terminationum
1334 3455 1381 3517 vix
1401 3455 1472 3518 bina

194 3556 385 3618 inveniuntur
411 3556 553 3636 exempla.
599 3557 697 3620 Semel
718 3565 881 3638 praeeunte
902 3556 1079 3620 Caldmacho
1102 3549 1185 3620 ἄστυ
1207 3556 1239 3618 iu
1261 3557 1321 3618 line
1341 3556 1472 3637 positum

195 3668 249 3735 eet,
271 3677 298 3720 v.
315 3663 366 3724 74.

280 3760 389 3822 Contra
402 3758 622 3840 Tryphiodorus
643 3761 849 3824 trochaecrum
870 3761 903 3822 in
923 3780 981 3824 usu
1002 3760 1088 3842 plura
1109 3759 1165 3822 eibi
1187 3759 1318 3821 indulsit.
1347 3759 1474 3823 Adnisit

195 3862 274 3924 enim
297 3861 408 3922 dativos
424 3861 456 3922 in
470 3883 537 3946 ῃσι,
561 3882 641 3941 οισι,
666 3881 748 3939 σοον,
773 3883 810 3938 ος
824 3872 998 3924 neutrorum
1012 3881 1039 3922 v.
1055 3864 1108 3926 22.
1126 3863 1196 3926 136.
1213 3864 1285 3936 580,
1309 3862 1381 3941 quin
1396 3862 1472 3924 adeo

194 3983 221 4024 v.
237 3967 299 4028 270
321 3963 488 4043 genetivum
509 3964 623 4044 primae
644 3962 849 4026 declinationis
871 3963 903 4028 in
925 3983 976 4040 αο,
1001 3963 1054 4024 sed
1075 3963 1106 4024 in
1122 3961 1243 4024 nomine
1257 3963 1388 4043 proprio.
1412 3963 1471 4025 Sed

194 4065 304 4128 mirum
324 4064 396 4126 mihi
417 4065 512 4128 visum
534 4073 588 4141 est,
622 4065 693 4146 quid
714 4065 754 4128 sit
775 4065 855 4145 quod
876 4063 907 4128 in
929 4064 1099 4126 universum
1120 4055 1343 4128 terminatiories
1365 4083 1473 4126 secun-

194 4168 250 4230 dae
277 4166 482 4228 declinationis
510 4167 599 4228 modo
626 4167 776 4247 genetivus
798 4167 829 4227 in
851 4185 904 4229 oto
927 4164 1079 4245 exceperis
1099 4182 1171 4245 prae
1193 4167 1315 4248 reliquis
1337 4167 1472 4230 vitandas

194 4287 262 4332 esse
284 4269 440 4330 censuerit.
471 4269 604 4341 Quarum
624 4287 685 4330 una
706 4269 826 4349 quidem
847 4266 947 4349 paullo
965 4267 1149 4348 frequentior
1163 4277 1217 4346 est,
1240 4269 1327 4330 dativi
1341 4269 1373 4329 in
1389 4287 1469 4346 οισι,

194 4371 246 4432 sed
268 4370 437 4432 rarissimae
459 4377 529 4431 sunt
548 4369 774 4438 terminationes
793 4378 965 4432 neutrorum
988 4369 1020 4430 in
1042 4391 1080 4434 ον
1102 4379 1133 4432 et
1153 4393 1184 4448 α,
1219 4379 1308 4450 atque
1328 4370 1394 4451 ipse
1416 4389 1472 4432 uo·

193 4471 350 4535 minativus
378 4473 410 4534 in
433 4491 469 4547 σς
491 4489 581 4552 quem
602 4471 733 4552 quinque
754 4469 877 4534 nomina
897 4471 1018 4552 propria
1040 4471 1193 4547 exhibent,
1216 4475 1379 4538 ν.57.60.
1399 4475 1472 4538 170.

194 4576 267 4639 295.
284 4577 363 4650 614,
395 4581 548 4672 praeterea
577 4570 713 4650 ἕκαστος
736 4593 768 4658 Ιν.
787 4577 857 4640 150.
895 4565 1011 4656 ὁμοῖος
1032 4593 1059 4636 v.
1075 4577 1148 4640 640.
1191 4573 1354 4638 decusativi
1382 4573 1475 4636 huius
