3188 5328
661 327 860 424 L

124 517 310 592 trochaeum,
343 515 401 578 iam
429 513 507 595 apud
528 521 632 594 postas
652 513 868 578 lleradsim
885 513 963 576 dass
983 531 1123 578 remma
1144 523 1246 595 partes
1268 516 1402 596 spondeo

125 619 300 683 clauduntur
321 636 383 678 non
403 616 553 691 trochaeo,
575 615 616 679 ita
638 616 760 678 omnine
779 623 815 678 ut
834 615 1041 681 mediocrium
1057 635 1131 678 usus
1146 625 1242 680 certm
1257 618 1402 698 quosdam

124 723 200 784 dues
221 720 335 798 evagari
358 739 419 780 non
441 717 544 798 possit.
878 743 881 753 ¹

208 825 302 902 toque
324 819 523 882 receptionum
542 819 803 901 memorarem
823 818 968 898 wedam
991 819 1129 882 monisse
1151 820 1227 894 scio,
1250 820 1402 903 propriam

122 942 227 986 amaus
248 922 360 984 heroici
381 920 542 983 dansnlarn
562 937 631 982 osse
651 920 846 994 numism,
862 931 924 982 tion
946 920 1153 1000 spondieoaaa,
1176 921 1246 1001 quia
1267 923 1403 1002 spondeo

123 1025 156 1086 in
184 1025 244 1086 noe
272 1023 370 1103 posito
397 1021 507 1084 oollam
534 1037 726 1084 omniorum
758 1021 1139 1084 memoraveras
1166 1022 1297 1085 haberet
1338 1023 1401 1086 seo

123 1126 183 1188 hoe
203 1133 407 1205 argumentum
428 1141 533 1204 parum
555 1123 660 1203 placet.
704 1121 779 1184 Nara
795 1123 879 1202 ·‹prid
901 1131 948 1186 est
968 1122 1048 1204 qaod
1069 1123 1101 1184 in
1122 1123 1292 1186 hexametro
1313 1125 1403 1188 ntem

123 1225 330 1290 maionem
351 1225 547 1306 mmor,
570 1243 628 1304 qua
648 1224 682 1285 in
703 1222 840 1286 iambicis
858 1224 992 1287 uorsihna
1014 1233 1044 1287 et
1065 1225 1261 1305 anapaesticis
1282 1244 1340 1286 nos
1354 1244 1403 1286 ca·

123 1347 191 1392 rere
213 1327 297 1390 facile
318 1325 484 1408 pah’aaunrl
514 1325 629 1388 Deinde
649 1323 759 1401 dieamt,
782 1323 840 1388 nisi
861 1327 1002 1388 mealmeo
1022 1326 1054 1388 in
1076 1327 1136 1388 doe
1154 1327 1262 1406 posito,
1285 1339 1402 1388 versam

122 1431 325 1493 hexametrum
354 1428 544 1490 acataleotnm
573 1425 780 1488 acehletttioo
812 1427 843 1488 iu
875 1427 1050 1508 hispllahnm
1081 1428 1197 1490 secerni
1219 1446 1280 1490 non
1303 1445 1401 1508 posse.

124 1532 184 1594 Sed
212 1550 251 1594 ne
280 1531 354 1592 haee
381 1530 500 1609 quidem
528 1547 597 1590 vem
624 1535 703 1620 surpt-
747 1527 865 1590 Etaaim
894 1547 998 1594 amaus
1024 1530 1195 1592 hexameter
1216 1529 1403 1602 acataleetas,

124 1633 271 1713 dactylum
298 1631 387 1694 hahet
408 1631 440 1692 ia
462 1631 537 1703 tiae,
567 1628 732 1710 spondeum
754 1629 864 1692 hahere
884 1639 998 1711 potesta
1027 1631 1229 1706 coniectione,
1258 1630 1403 1694 modian

124 1735 274 1814 spondeo,
307 1732 420 1811 dactylo
449 1749 487 1792 ne
509 1737 607 1810 potest
627 1729 756 1821 qudem.
796 1732 883 1804 «Quae
906 1751 975 1794 cam
995 1733 1035 1796 ita
1057 1734 1132 1809 sint,
1159 1742 1317 1813 auumque
1338 1751 1404 1794 aar»

125 1846 213 1898 sunm
239 1851 334 1913 genas
361 1833 433 1895 satis
459 1840 554 1894 tatum
582 1838 665 1893 esta
688 1832 871 1896 wulmione.
914 1834 1006 1896 Porro
1028 1835 1054 1898 si
1075 1835 1204 1916 legitime
1226 1853 1329 1897 seratis
1350 1835 1403 1896 he-

125 1937 225 2000 roicos
253 1935 440 1996 clauderetur
454 1929 619 2006 neonae,
648 1950 709 1995 oen
731 1941 812 1996 assat
831 1949 934 1998 versus
956 1935 1115 2017 damyliom
1136 1937 1320 2011 hexameter,
1349 1936 1402 1998 sod

125 2055 228 2100 versus
249 2044 433 2117 pentameter
454 2053 521 2098 cum
542 2033 689 2096 trochaica
711 2034 842 2098 clausula
863 2037 1048 2102 eomundus.
1091 2038 1194 2102 Potest
1214 2040 1301 2101 etiam
1323 2038 1402 2100 ahrrd

125 2147 329 2220 argumentum
353 2145 454 2198 contra
475 2136 553 2220 hanc
574 2135 751 2198 sententiam
773 2136 844 2200 inde
865 2139 936 2218 peti,
960 2140 1038 2220 qnod
1061 2141 1274 2220 antiquissimis
1288 2149 1403 2220 tempo-

125 2241 208 2304 tibus
230 2259 332 2302 versus
353 2237 465 2300 heroici
487 2255 548 2300 non
568 2233 653 2302 κατὰ
675 2240 786 2318 ortxor
808 2240 1071 2320 componebantur,
1094 2243 1147 2304 sed
1170 2261 1224 2322 per
1245 2248 1402 2321 systemata

125 2343 283 2424 quinorum
306 2349 356 2422 ant
377 2350 529 2402 ternorum
550 2357 698 2413 versuum,
725 2339 824 2420 itaque
846 2340 953 2422 anguli
975 2361 1078 2406 vorsus
1099 2341 1179 2405 anlla
1202 2343 1232 2404 in
1254 2344 1313 2403 dne
1336 2359 1403 2422 ege-

124 2444 198 2506 haot
224 2457 416 2505 onmeiornor
443 2439 628 2502 remissione.
672 2440 784 2504 Tamen
811 2442 900 2518 haec,
928 2443 999 2524 qnia
1025 2463 1087 2506 noa
1115 2442 1207 2506 lihero
1230 2451 1299 2505 aaut
1320 2441 1402 2504 omni

126 2545 322 2617 dubitatione,
351 2559 457 2620 urgere
485 2541 564 2604 nolo.
608 2535 697 2606 llissa
724 2542 814 2622 igitur
841 2543 898 2606 hae
918 2546 1059 2626 opinione
1081 2537 1277 2627 qnae'neqae
1299 2546 1420 2630 doctae

125 2646 308 2727 antiquitatis
329 2644 508 2718 testimonio,
531 2663 629 2724 nequo
650 2644 757 2708 radoni
780 2646 958 2709 conueniens
981 2660 1035 2721 ast,
1058 2648 1115 2710 hoc
1136 2648 1235 2729 potius
1256 2667 1310 2728 pro
1322 2654 1404 2710 certa

125 2748 318 2821 sumendum,
347 2746 404 2808 ism
433 2747 465 2808 io
487 2746 650 2810 Homonoia
678 2747 874 2823 camiaihrn,
903 2748 990 2828 longe
1017 2750 1118 2830 plures
1144 2767 1247 2812 versus
1268 2751 1403 2831 spondeo

125 2849 277 2913 terminari
300 2866 388 2928 pam
410 2847 559 2909 trochaeo.
604 2847 681 2920 Ouid
703 2848 792 2928 igitur
812 2849 935 2924 mirum,
958 2861 1061 2930 poetrn
1082 2851 1312 2925 Alexandrinos,
1335 2869 1404 2914 aa·

125 2953 157 3014 in
180 2950 316 3012 universa
336 2965 474 3010 versutiam
498 2955 645 3010 umalama
668 2949 739 3029 quid
760 2950 933 3031 pr'uuasium
953 2951 1008 3026 eit,
1032 2951 1138 3032 quidve
1159 2952 1336 3032 legitimum,
1359 2951 1404 3014 di-

125 3052 252 3132 ligenter
265 3057 458 3128 ·qoaererent,
482 3049 607 3112 eandem
629 3059 748 3114 mutos
767 3071 836 3116 esse
856 3071 1002 3128 ommam,
1024 3071 1149 3134 comare
1171 3053 1326 3128 Noenum,
1348 3071 1404 3134 pro

62 3206 67 3219 ,
127 3171 172 3216 απ
184 3166 260 3232 quae
282 3150 346 3212 eius
367 3159 432 3212 erat
453 3152 607 3216 severitate
628 3153 659 3216 in
680 3152 771 3218 rehtu
789 3155 928 3232 memus,
951 3156 991 3220 ita
1006 3173 1239 3230 comammassa,
1260 3164 1295 3218 nt
1308 3170 1405 3237 paena

126 3251 286 3316 exoleverit
306 3251 483 3316 trochaicam
505 3253 668 3318 clausulam
690 3274 707 3318 e
729 3255 969 3339 Dionysiaoornm
992 3249 1116 3320 lhrisl'

210 3354 327 3416 Primus
355 3364 454 3418 antem
485 3356 536 3436 qni
566 3357 708 3436 singtdaii
737 3377 807 3422 oasa
823 3360 964 3424 radhihita
993 3359 1063 3422 huie
1084 3360 1249 3440 qaraestioni
1272 3358 1404 3421 animm

125 3457 259 3533 attondit,
283 3456 416 3518 Staurins
438 3457 494 3520 luit
512 3457 766 3538 Regiamoatanem
780 3461 831 3541 qsu'
842 3461 976 3524 libellum
991 3461 1198 3524 scholasticum
1214 3462 1250 3523 de
1265 3477 1405 3522 ammom

125 3559 206 3622 exitu
228 3559 305 3638 apud
321 3558 461 3620 Nondum
484 3557 611 3639 scripsit,
635 3577 696 3641 qno
716 3561 940 3636 demontrant,
961 3561 1034 3624 alias
1057 3579 1123 3623 ease
1138 3561 1404 3627 terudnationesia

125 3662 183 3723 hac
203 3677 306 3721 versus
327 3659 398 3720 sede
420 3659 619 3738 frequentatas
642 3681 659 3724 a
679 3662 795 3736 Nonno,
819 3661 889 3723 alias
912 3681 1035 3744 prorsus
1057 3663 1169 3724 datas.
1213 3662 1405 3743 deprimunt

126 3761 247 3844 qnidam
275 3761 313 3823 de
341 3758 495 3822 moinum
518 3761 730 3836 dedicatione,
758 3761 866 3842 quihus
886 3762 1040 3844 partieipia
1062 3781 1181 3843 quoqne
1203 3763 1403 3838 includuntur,

127 3884 162 3928 ea
183 3873 230 3928 eet
250 3863 306 3938 lex,
328 3872 362 3926 nt
382 3863 605 3927 terminationes
626 3863 804 3940 uomicae,
825 3863 851 3926 si
868 3864 993 3928 mohdes
1008 3872 1088 3940 sont,
1110 3864 1140 3948 h,
1157 3884 1183 3926 e
1198 3865 1224 3928 si
1239 3864 1405 3945 peripsam

126 3966 353 4054 declinationem
374 3966 413 4028 ad
434 3965 599 4030 natumlem
619 3965 752 4032 rooahtdi
772 3966 898 4047 stirpem
920 3975 1120 4041 accesserunt,
1140 3966 1172 4028 in
1194 3966 1324 4030 dearsnla
1338 3984 1404 4029 rer-

126 4087 179 4130 sos
205 4067 277 4146 poni
298 4068 417 4145 possint
436 4075 467 4130 et
486 4069 656 4148 trementer
676 4077 842 4148 ponauhn,
875 4075 979 4130 sonna
998 4067 1127 4132 deutur
1147 4087 1199 4130 eae
1220 4067 1405 4131 terminatio-

126 4185 198 4242 aes,
228 4184 303 4246 qnae
329 4167 454 4234 mohiles
481 4188 542 4232 nos
568 4177 648 4232 snat.
691 4167 787 4232 Priori
814 4168 916 4249 genem
938 4167 1071 4249 aprima
1093 4170 1288 4234 declinatione
1309 4171 1406 4232 adnn-

125 4267 269 4334 meranda
291 4276 361 4330 sunt
382 4289 420 4346 α,
443 4289 501 4346 oo,
524 4291 582 4350 os,
603 4289 679 4355 pora
700 4289 718 4332 e
741 4269 872 4334 sacranda
893 4289 946 4348 ος,
969 4289 1025 4349 ον,
1048 4291 1066 4335 o
1089 4272 1132 4344 tin
1154 4267 1251 4350 dello,
1275 4268 1404 4347 ἐκεῖνο),

127 4393 164 4449 s,
188 4390 257 4450 oso,
281 4387 366 4434 oscor
398 4387 415 4432 e
436 4369 538 4447 tertia,
559 4371 727 4436 terminatio
753 4371 926 4436 commetiri
954 4381 1128 4437 neruoram
1155 4374 1186 4436 in
1209 4396 1246 4452 ος
1267 4377 1349 4447 (naar
1369 4371 1404 4434 in

126 4468 254 4550 editoe,
277 4479 385 4554 τεῖχος
405 4471 540 4553 aliisque,
561 4474 681 4554 propris
699 4469 850 4553 mdia-5
872 4495 1002 4556 τειχι-
1024 4483 1070 4539 est
1092 4475 1182 4557 stirps
1197 4474 1348 4548 naturalis,
1370 4475 1405 4538 id

127 4574 240 4658 quode
259 4573 428 4656 compositis
442 4574 522 4638 velut
536 4571 779 4652 σακέ-σ-παλος
792 4575 980 4658 intellegitur,
1002 4597 1040 4654 ος
1053 4577 1221 4642 terminatio
1236 4575 1404 4656 normalis),
