3188 5328
725 387 765 452 31

99 572 332 656 paragogicum,
353 589 493 634 versuum
514 571 546 634 in
566 573 709 637 clausulis
729 573 920 648 abadnuerit,
942 573 974 635 id
995 571 1156 653 quodiam
1177 592 1195 635 a
1216 573 1387 639 Wemiclrio

104 675 342 739 animadversum
365 672 452 735 estl.
468 673 487 735 l.
510 694 540 754 p.
557 677 608 740 62.

190 777 333 857 Reliquae
361 772 518 836 verborum
546 775 772 839 terminationes
799 793 817 836 a
833 774 953 836 Nonno
985 774 1170 837 severissime
1199 775 1236 838 ab
1263 776 1386 859 eiusque
1433 849 1438 860 Ι

104 878 300 944 sectatoribus
328 876 420 938 multo
453 877 556 938 saltem
586 877 764 957 diligentius
777 877 882 945 vitatae
905 883 975 938 sunt
996 893 1085 954 quam
1107 897 1124 938 a
1145 877 1242 958 poetis
1263 877 1386 940 Alexan-

104 981 209 1056 drinis,
232 979 283 1059 qui
306 980 416 1040 formas
437 984 552 1040 tantum
575 965 789 1060 coniugationis
810 977 842 1038 in
864 999 904 1058 με
925 983 1069 1056 quantum
1091 979 1155 1040 fieri
1169 979 1267 1059 potuit
1281 999 1317 1040 ex
1331 980 1388 1042 bac

105 1101 209 1146 versus
231 1082 302 1143 sede
325 1079 510 1160 expulerunt.
554 1080 595 1142 Ac
615 1080 777 1142 daNonno
799 1078 919 1158 ‹nridcm
941 1078 979 1140 ad
1002 1077 1109 1140 Struvii
1131 1078 1261 1141 libellum
1284 1080 1387 1160 ablego

105 1185 242 1247 lectores.
286 1180 478 1261 Reliquorum
509 1199 597 1243 usum
627 1179 803 1266 emulano*
818 1179 998 1260 perlustrare
1021 1199 1082 1242 non
1105 1181 1217 1243 attinet.
1262 1181 1304 1244 lle
1326 1201 1387 1245 uno

105 1287 226 1349 Musaeo
249 1301 366 1357 moneo,
389 1301 456 1343 eum
478 1281 510 1343 in
532 1282 666 1344 uersibus
687 1299 743 1362 per
762 1281 927 1342 trocbmms
948 1281 1105 1343 verborum
1127 1282 1389 1360 formaselauden-

106 1388 153 1450 dis
175 1387 250 1450 adeo
272 1383 386 1447 nubum
408 1403 484 1459 esse,
507 1391 541 1445 ut
561 1401 655 1444 unum
676 1381 766 1445 buius
787 1382 831 1444 roi
853 1382 932 1464 apud
954 1401 1022 1446 eum
1045 1393 1123 1446 extet
1144 1383 1321 1464 exemplum,
1343 1385 1389 1446 id·

107 1507 166 1570 que
187 1495 369 1568 corruptum.
413 1487 489 1548 Nam
509 1504 536 1546 r.
554 1487 611 1550 71:

258 1581 279 1672 ἡ
302 1579 334 1652 δ’
360 1582 426 1670 άρα
446 1581 722 1666 collateraliter
737 1575 807 1670 άπη
829 1581 914 1650 κατὰ
935 1581 1013 1670 νηὸν
1036 1576 1140 1648 ἀλᾶτο

261 1685 449 1770 ἑσπόμενον
471 1683 548 1753 νόον
569 1678 637 1768 εἷχε
656 1685 712 1750 aul
735 1680 870 1769 ὅμμονει
889 1685 945 1752 καὶ
968 1689 1091 1774 φρένας
1113 1677 1251 1770 ἀνδρῶν.

42 1817 46 1836 ¹
106 1794 144 1856 de
166 1791 321 1855 sacerdote
342 1790 475 1864 Veneris,
499 1789 572 1850 deae
592 1787 737 1869 ternplum
758 1787 847 1852 certis
869 1789 951 1854 naria
973 1789 1110 1865 adorante,
1142 1790 1243 1870 inepte
1263 1807 1391 1871 usurpa·

105 1905 168 1958 tam
189 1912 258 1955 esse
279 1891 437 1954 formulam
460 1881 612 1980 ἀλάηθειι
632 1886 717 1954 κατὰ
736 1885 825 1976 νηὸν,
847 1909 938 1954 nemo
958 1909 1020 1954 nou
1042 1891 1129 1954 ridet.

193 1993 312 2072 Restat,
340 2001 376 2055 ut
402 1993 439 2054 de
466 1991 617 2072 particulis
643 1992 741 2054 dicam
769 2002 800 2056 et
820 1992 967 2056 adverbiis
987 1993 1161 2056 trochaeum
1182 1993 1388 2058 enumeras.

106 2097 142 2160 ln
165 2096 273 2178 quibus
295 2093 475 2175 usurpandis
496 2094 595 2174 paullo
617 2093 738 2156 liberior
759 2095 998 2176 antapodosim
1021 2095 1163 2158 llhodius.
1207 2095 1282 2157 Nam
1302 2113 1392 2176 prae·

107 2207 154 2262 ter
175 2197 221 2276 δὲ,
244 2219 289 2275 ιε,
312 2217 349 2281 γε
371 2189 449 2280 (ὅγε,
472 2194 549 2281 taire
570 2195 658 2274 rell),
680 2217 757 2279 περ,
779 2193 823 2282 ῥα
843 2197 894 2271 (Il,
910 2199 985 2273 584)
1014 2198 1102 2259 etiam
1125 2197 1303 2278 polysyllaba
1325 2185 1392 2260 νει-ἰ

107 2319 174 2363 sum
204 2299 340 2361 claudere
368 2305 495 2378 possunt
516 2297 669 2373 adverbia,
703 2315 738 2362 ea
759 2297 905 2378 imprimis
927 2317 1003 2378 qrrae
1024 2298 1056 2360 in
1077 2299 1141 2362 θεν
1164 2307 1193 2360 et
1215 2297 1250 2376 ξε
1272 2308 1389 2377 meunt,

107 2401 201 2464 velut:
226 2397 370 2483 άνερθεν,
394 2395 581 2482 ἑκάτερθεν,
602 2393 751 2479 άνωθεν,
771 2391 1025 2486 ἀμφοτέρωθεν,
1040 2393 1192 2478 άνευθεν,
1209 2397 1389 2483 πάροιθεν,
1495 2449 1496 2452 ,

109 2497 364 2585 προπάροιθεν,
387 2497 597 2583 μενὸπιοθεν
604 2547 613 2579 ,
635 2493 836 2584 oweno,
859 2494 1009 2584 ὕπερθεν
1016 2549 1026 2580 ,
1047 2498 1184 2584 θύραζε,
1209 2499 1311 2585 ἔραζε,
1335 2519 1392 2566 neo

109 2623 172 2666 non
195 2595 419 2688 ἀντιπέρηθεν
442 2603 465 2677 l,
483 2605 556 2668 613.
572 2603 609 2677 ΙΙ,
628 2603 721 2668 1032.
737 2603 788 2679 lll,
808 2607 899 2670 1270.
915 2604 961 2680 lv,
974 2607 1050 2670 470.
1073 2600 1264 2689 περάτηθεν
1279 2605 1325 2680 lV,
1338 2608 1390 2670 54.

107 2707 295 2790 Πιερίηθεν
317 2705 339 2779 1,
357 2707 408 2770 31.
435 2696 656 2790 Ἀρκαδίηθεν
677 2705 700 2781 l,
720 2709 790 2772 161.
823 2707 1057 2790 Κεκροπίηθεν
1079 2706 1101 2781 l,
1118 2709 1191 2772 214.
1235 2707 1391 2770 Praeterea

108 2816 222 2870 extant:
250 2804 368 2872 ἔπειτα
390 2807 412 2882 l,
429 2809 502 2871 408.
518 2807 592 2872 508.
609 2809 682 2872 828.
704 2807 741 2883 11,
758 2809 831 2872 722.
850 2809 942 2872 1068.
961 2809 1052 2873 1003.
1076 2808 1122 2882 IV,
1138 2811 1211 2876 373.
1228 2811 1300 2874 716.
1318 2811 1390 2876 758.

111 2913 204 2974 1720.
249 2905 335 2973 ’ἔνθα
355 2909 410 2973 καὶ
432 2906 519 2972 ἔνθα
539 2908 563 2983 l,
580 2911 652 2972 222.
683 2907 734 2982 111,
749 2911 822 2973 230.
838 2911 910 2974 651.
928 2911 1000 2978 757.
1020 2913 1111 2974 1310.
1138 2910 1184 2984 IV,
1200 2913 1272 2976 325.
1298 2914 1391 2976 1611.

109 2998 205 3088 αὖθι,
229 2996 339 3086 αὖθις,
363 2997 451 3087 αὖτε,
475 2995 578 3086 οὗτος,
603 3003 706 3092 άχρις,
721 3003 835 3093 ἄρνιΙ,
851 3013 942 3075 1222.
963 3015 1054 3075 κεῖσε
1068 3011 1115 3084 N,
1129 3013 1221 3076 1237.
1251 3007 1393 3094 ἑτέρωσε

110 3111 158 3185 lv,
176 3113 268 3175 1570.
291 3107 428 3194 ἐπιπρὸ,
452 3107 578 3196 διαπρὸ
599 3111 645 3186 lv,
662 3113 734 3188 313,
758 3103 846 3198 &aaut
868 3111 919 3187 III,
934 3114 1008 3178 881..
1040 3112 1130 3174 lllulta
1153 3131 1225 3174 sane
1246 3111 1390 3193 exempla,

109 3211 165 3274 sed
187 3230 247 3273 non
270 3213 359 3276 nimis
382 3212 482 3289 multa,
505 3213 594 3275 modo
615 3215 680 3276 lare
700 3231 753 3277 sex
773 3230 913 3276 versuum
934 3213 1013 3276 milia
1029 3213 1181 3276 continere
1196 3215 1392 3295 Argonautica

110 3331 293 3376 meminens.

195 3416 306 3478 Tamen
335 3418 367 3478 in
394 3415 576 3497 reliquorum
596 3426 752 3498 postauam
772 3417 1038 3480 Alexandrinorum
1059 3415 1255 3492 carminibus,
1284 3417 1391 3480 borum

109 3517 319 3581 vocabulorum
341 3537 414 3581 usus
436 3537 498 3580 non
520 3520 561 3581 ita
582 3520 640 3582 late
663 3530 793 3600 vagatur.
836 3520 913 3582 Nam
934 3541 1008 3603 περ,
1032 3541 1079 3596 νε,
1102 3517 1140 3583 δὲ
1161 3519 1193 3580 in
1215 3520 1275 3580 line
1292 3519 1392 3599 posuit

109 3620 273 3694 Nicander,
301 3641 347 3698 νε,
370 3641 445 3703 περ,
467 3642 505 3703 γε
526 3617 639 3704 (ἔγωγε
659 3621 690 3684 b.
707 3620 770 3683 llel.
789 3623 862 3698 122)
891 3619 937 3699 dd,
960 3619 1020 3702 μὲν
1044 3620 1254 3693 Callimachus,
1284 3616 1392 3698 quibus

109 3721 250 3784 omnibus
278 3721 421 3784 abstinuit
439 3724 556 3783 Aratus.
600 3721 755 3784 Praeterea
783 3722 858 3784 baec
877 3721 1065 3784 e'scbetlulis
1087 3721 1252 3800 proteram:
1281 3710 1395 3804 άμφο-

109 3825 260 3907 πάροιθεν
281 3824 359 3885 Arat.
376 3826 427 3887 24.
444 3826 516 3888 570.
555 3818 733 3906 ἑκάτερθεν
754 3824 834 3886 arat
850 3826 923 3890 882.
956 3823 1019 3885 Nic.
1035 3823 1123 3883 lber.
1139 3825 1213 3887 477.
1247 3818 1391 3905 ἔνερθεν,

109 3925 199 3986 Ther.
215 3928 288 3990 242.
325 3918 490 4008 ὕπερθεν,
513 3925 602 3987 Τ1ιεε.
618 3916 697 3990 241.
719 3927 799 3988 arat.
813 3928 887 3992 484.
905 3929 977 3990 655.
1014 3919 1199 4009 πάροιθενΙ,
1222 3925 1301 3986 nrat.
1317 3928 1391 3991 074.

110 4025 349 4112 προπάροιθεν
371 4029 451 4090 nrat.
466 4030 540 4092 038.
574 4021 738 4106 turono,
763 4027 874 4090 Gallim.
891 4027 921 4088 b.
938 4025 1000 4090 Del.
1018 4032 1067 4092 77.
1104 4029 1338 4112 Κεκροπίηθεν
1361 4027 1392 4089 b.

111 4128 197 4189 Dian.
213 4131 287 4194 227.
311 4126 397 4194 ἔνθα
417 4129 473 4194 καὶ
493 4127 580 4194 ἔνθα
600 4130 681 4192 brat.
697 4131 770 4194 303.
787 4131 858 4194 855.
881 4120 975 4212 η’ὥθι
995 4125 1073 4212 πρὸ,
1097 4131 1169 4194 866.
1185 4132 1258 4195 870.

198 4229 283 4309 Apud
305 4230 445 4294 Noenum
473 4241 581 4294 exeunt
607 4249 713 4294 versus
738 4231 769 4292 in
797 4227 876 4314 γάρ,
901 4227 953 4308 δὲ,
976 4229 1052 4312 uda:
1081 4231 1196 4294 duobm
1221 4241 1338 4294 nutum
1361 4231 1392 4292 in

112 4329 185 4392 locis
206 4330 239 4392 in
261 4331 398 4394 adverbia
419 4333 569 4415 bisyllaba,
594 4334 680 4395 bion.
696 4332 835 4407 1111111111,
849 4337 909 4396 44:
932 4329 1018 4397 ἔνθα
1039 4332 1094 4400 καὶ
1118 4331 1211 4412 ἔνθα,
1235 4333 1310 4395 etin
1324 4333 1391 4393 Par.

109 4433 164 4493 Er.
181 4435 279 4502 2708ι
307 4427 394 4498 date
415 4435 469 4498 καὶ
489 4423 622 4510 uiduae·
637 4451 791 4514 nnnqamm
814 4435 844 4495 in
866 4435 1053 4516 perurbana.
1095 4435 1319 4517 Trypbiodorns
1340 4433 1394 4493 ba-

111 4533 162 4593 bet
185 4533 230 4608 dd,
255 4555 279 4596 v.
297 4539 369 4602 325.
386 4540 458 4602 452.
475 4539 547 4602 506.
577 4523 656 4601 uriae
676 4553 703 4596 r.
720 4538 793 4611 182,
821 4531 991 4620 πάροιθεν
1011 4555 1039 4598 ν.
1055 4537 1128 4602 307.
1172 4537 1320 4610 Μιιεεειιε,
1343 4529 1391 4611 dd,

111 4633 145 4695 in
166 4635 299 4700 romulis
320 4639 399 4704 inter
420 4657 453 4720 se
475 4635 641 4713 simillimis,
663 4655 706 4699 vr.
722 4640 774 4704 61.
794 4641 863 4705 162.
882 4641 952 4704 164.
964 4639 1041 4706 286.
1058 4640 1130 4703 206.
1145 4637 1219 4701 306.
1241 4634 1278 4701 ad
1299 4637 1393 4702 uto
