3188 5314
209 560 331 649 uteru,
354 570 490 634 suenni
521 571 605 633 nouo
628 571 729 634 inesse
756 573 880 636 enen:
903 573 1057 638 mount·
1070 553 1185 638 consil
1200 573 1350 649 aarum
1367 562 1493 638 nomm

209 667 442 760 διμφιπολεόει
463 665 610 754 όρχανον.
643 674 725 752 ,διδ
758 675 901 738 miramur
930 677 1010 738 hanc
1039 673 1156 738 tntindi
1188 683 1217 736 ct
1248 675 1493 756 ermedramno

204 761 623 860 λλοοιειὶεἰεᾶμφιβέβηκα,
646 765 882 861 ἆμφιπένομαι
901 777 990 852 inest,
1012 793 1067 856 pro
1088 773 1236 838 serviendi
1256 777 1389 840 nodone.
1412 778 1493 840 Harii

214 875 407 942 derivamium
429 883 475 938 est
494 875 668 940 vocabulum
690 877 727 938 ab
750 869 953 963 ἀμφίπολος.
1002 877 1148 942 Eustathii
1171 880 1241 940 ndta
1263 877 1344 942 adm
1360 879 1436 944 '78¹2‘
1451 875 1488 942 id

209 969 517 1064 δλ·όμφιπολεόειν
539 970 598 1042 ndu
619 975 656 1060 ἐξ
676 969 815 1065 ἀνάγκης
843 976 983 1064 δουλική
1003 976 1076 1044 ἔστι
1103 975 1206 1068 λέξις.Ι
1232 983 1267 1044 τέ
1287 975 1492 1064 γδιρῑέιεμνδν

205 1085 290 1156 edric
311 1077 490 1164 θεοφιλέσι
510 1076 624 1164 κόραις
645 1073 684 1145 τό
707 1077 843 1159 δούλαις
862 1083 1041 1166 γενέσθαις
1064 1072 1138 1144 ἀλλ’
1162 1075 1280 1157 ἁπλῶς
1296 1077 1340 1145 ’τὸ
1363 1072 1495 1162 tremiteL

213 1176 376 1302 proderitis
399 1179 503 1266 δηλοῖ,
527 1200 632 1263 parum
653 1203 710 1246 nos
731 1184 819 1246 iuvat.
841 1217 885 1230 -·-
902 1176 1164 1268 Ἀναφρόζομαι,
1187 1205 1208 1245 τ
1221 1179 1373 1267 θθένμὴ
1393 1175 1495 1268 ὀὐλὴν

213 1279 468 1370 αναφρόσσαιιο
498 1301 536 1346 no
563 1284 729 1346 cicatricem
751 1293 932 1366 agnosceret.
980 1286 1148 1364 Agnoscere
1175 1291 1274 1346 autern
1295 1283 1427 1346 Homero
1441 1292 1495 1346 ert

213 1373 410 1472 ἀναγνῶναι.
456 1385 564 1448 Contra
586 1380 756 1471 φρόζομαι
783 1395 830 1450 εει
855 1385 1002 1462 delibero,
1037 1386 1169 1466 dispicio.
1215 1387 1317 1466 ltaque
1339 1377 1493 1469 ἂναφριό

210 1485 312 1570 ζομαι
332 1488 439 1550 iterum
461 1486 594 1567 dispicio.
618 1520 659 1534 -
678 1479 803 1566 Ἐκδέω,
824 1492 937 1568 χ174ι
960 1485 1097 1564 σανίδας
1119 1479 1150 1550 δ’
1171 1484 1311 1570 Ιἐνδῆσαι
1329 1481 1491 1552 saccom.

217 1589 251 1653 Ψ
268 1591 350 1653 1212·
365 1585 425 1665 τὰς
447 1585 549 1673 (δρός)
570 1586 631 1670 μὲν
650 1579 780 1670 Ἀχαιοὶ
803 1587 912 1668 ἔκδεον
932 1582 1089 1675 ἡμιόνων,
1113 1587 1164 1650 uhi
1184 1585 1489 1657 sehoiiairabenrrii

213 1683 362 1758 ὄπισθεν
388 1689 547 1773 χρονικῶς
575 1680 649 1755 duri
676 1691 736 1756 τοῦ
763 1689 848 1774 μετὰ
873 1691 979 1754 ταῦτα
1006 1685 1066 1766 τὰς
1092 1687 1230 1766 σανίδας
1252 1687 1485 1775 -·δήσαντις“,

210 1787 406 1877 ἐξελθόντες
427 1789 481 1856 καλ
514 1788 670 1870 ἐάσαντες
697 1783 796 1856 adedo
819 1789 1013 1875 ἐρριμμένον
1035 1800 1065 1855 ει
1091 1791 1208 1852 brevius
1235 1785 1387 1856 ὄπισθεν
1405 1790 1491 1856 etet

209 1916 294 1960 σατε
315 1889 375 1970 τὰς
394 1890 503 1976 θόρας
524 1889 609 1974 μετὰ
628 1894 742 1958 ταῦτα.
787 1894 909 1975 Proprie
932 1890 1033 1974 ἐνδέοι
1054 1891 1128 1958 nihii
1149 1891 1227 1954 alind
1249 1893 1492 1974 signiticare'po·

214 1993 288 2072 test,
318 2015 406 2077 quam
434 1995 474 2057 ita
503 1994 622 2075 alligare
652 1995 779 2076 aliquid,
801 2004 835 2059 ut
856 1995 1037 2076 dependeat,
1067 2013 1143 2075 qnae
1164 1995 1370 2074 interpretatu
1392 1995 1490 2058 {lindis

212 2097 278 2189 ioco
300 2095 452 2174 convenit,
480 2097 564 2159 alteri
591 2115 715 2178 prorsus
737 2107 897 2179 repugnat,
925 2097 976 2182 uhi
1005 2097 1164 2160 dicendum
1189 2104 1253 2158 orat
1274 2093 1422 2162 σανίδων
1444 2094 1491 2161 ἔνι-

204 2195 315 2288 δῆσαι
338 2193 458 2281 ἱμάντα
479 2198 524 2260 vel
546 2199 640 2262 simite
663 2199 834 2279 quidquam.
877 2199 1008 2262 Passovii
1028 2197 1241 2278 interpretatio,
1257 2197 1419 2260 *dictinum
1437 2200 1491 2261 icit

206 2299 438 2374 uerschliessen,
463 2299 601 2363 destituta
624 2309 670 2362 est
691 2301 824 2380 analogia
853 2300 990 2363 dictionis
1019 2301 1201 2362 Homericae.
1226 2328 1265 2346 -·-
1284 2291 1485 2382 Ἐπιπρέπιο,
1579 2313 1580 2388 3

214 2427 242 2470 ω
262 2407 338 2468 252:
363 2394 439 2466 eddi
461 2404 495 2466 τέ
514 2423 570 2466 τοι
592 2397 741 2466 δούλειον
765 2397 949 2484 ἐπιπρέπει
971 2397 1194 2485 εἰσοράασθαι
1210 2393 1299 2477 εἶδος
1317 2401 1376 2466 καὶ
1396 2403 1481 2483 μέμέ-
1578 2396 1580 2451 ἶ

204 2509 295 2582 θος,
317 2505 348 2566 h.
365 2524 390 2566 e.
414 2504 491 2568 servi
517 2504 689 2584 adspectum
718 2521 779 2564 non
801 2502 951 2584 praebes,⁴
970 2513 1105 2565 nostnrm
1127 2521 1162 2564 es
1182 2503 1261 2564 steht
1283 2503 1334 2565 dir
1353 2503 1436 2564 nicht
1451 2517 1488 2564 au

210 2605 336 2686 gesicht,
358 2604 403 2666 ais
424 2605 525 2666 obdu
548 2604 596 2666 ein
618 2604 716 2666 sklave
738 2612 853 2666 waerst.
889 2603 932 2666 De
953 2604 1010 2665 hac
1031 2603 1245 2688 significatione
1268 2595 1489 2685 disputaveram
1577 2583 1578 2598 ¹

212 2707 375 2772 Hermann.
398 2706 435 2768 de
455 2713 544 2768 mem.
558 2705 642 2767 Pind.
658 2726 688 2787 p.
705 2707 767 2772 289
779 2725 825 2787 sq.
847 2705 976 2768 Bocekh.
992 2705 1078 2768 Pind.
1093 2705 1177 2786 Pyd.
1192 2705 1265 2780 vlu,
1282 2709 1324 2770 46
1346 2702 1401 2780 (τὸ
1423 2727 1490 2789 μεν-

205 2804 364 2875 ,ναῑονέκ
386 2809 540 2890 πατέρων
568 2804 656 2889 λῆμα
683 2804 867 2892 ἐπιπρέπει
894 2800 1037 2885 παισίν).
1074 2809 1196 2890 πρέποι
1223 2808 1304 2888 apud
1328 2807 1490 2870 Homerum
1576 2854 1578 2869 .

210 2927 331 2992 semper
346 2909 508 2972 adhibetur
529 2909 560 2970 in
583 2909 774 2972 describenda
797 2928 830 2971 re
852 2910 1010 2990 conspicua
1032 2917 1063 2972 et
1084 2909 1209 2990 egregia.
1226 2941 1267 2956 -
1288 2907 1490 2990 Περιδέδοσ-

210 3015 288 3090 θαι,
310 3013 412 3091 ψ78ι
441 3005 524 3094 lydor
546 3007 667 3093 ἐμέθεν
687 3007 919 3094 περιδώσομαι
946 3003 1055 3096 oda-59,
1084 3011 1121 3072 ot.
1146 3012 1181 3076 Ψ
1193 3013 1271 3076 485ι
1301 3008 1402 3094 δεῦρό
1425 3032 1486 3089 νον,

211 3105 416 3198 ἢπρέποδος
437 3107 674 3194 περιδώμεθον
703 3103 739 3196 ἦέ
761 3110 912 3195 λέβητος,
941 3112 992 3176 ubi
1014 3112 1124 3174 scholia
1146 3112 1225 3196 περὶ
1248 3109 1393 3197 ἐμαυτῆς
1416 3135 1488 3177 σαν-
1577 3167 1578 3176 ,

212 3210 375 3298 θήσομαι,
398 3220 534 3275 nostrum
556 3213 604 3274 ioh
626 3213 684 3274 will
714 3213 793 3276 mich
815 3213 906 3276 selbst
927 3215 1142 3294 vorpiaenden‚
1167 3215 1204 3276 de
1232 3215 1371 3295 meipso
1394 3223 1487 3278 tecum

205 3314 406 3396 sponsionem
428 3314 542 3376 taciem.
586 3313 667 3374 Haec
687 3314 770 3376 notio
792 3315 880 3376 huius
901 3314 1033 3376 vocabuli
1060 3315 1198 3395 inprimis
1219 3315 1411 3396 Aristophani
1434 3315 1488 3377 usi-

211 3424 272 3482 un
293 3421 348 3478 est.
391 3414 521 3498 Homero
554 3422 652 3477 autem
684 3415 809 3478 activum
838 3411 1050 3498 περιδιδόναι
1077 3424 1174 3490 αοιει,
1204 3417 1285 3495 larga
1318 3418 1400 3480 dona
1420 3416 1482 3478 darc

204 3518 308 3594 ,aheni
329 3517 375 3580 vel
396 3515 516 3602 iurgiter
542 3516 612 3578 dare
641 3515 727 3578 alicui
748 3516 874 3597 aliquid,
898 3518 935 3580 ci.
949 3519 978 3580 θ
991 3521 1042 3582 44.
1087 3517 1167 3580 Haec
1191 3525 1291 3580 autem
1312 3519 1403 3582 verba
1425 3536 1488 3580 curn

202 3620 280 3684 tdia
307 3619 382 3693 sint,
410 3637 538 3698 quornm
560 3625 656 3698 etymo
678 3619 756 3698 apud
785 3619 947 3680 Homerum
976 3619 1178 3693 inveniantur,
1208 3620 1330 3699 proprie
1358 3619 1488 3682 secundo
1571 3640 1577 3665 ι

67 3777 72 3790 ,
201 3721 308 3786 ordini
330 3719 487 3782 inserenda
511 3719 646 3789 fuissent.
697 3720 756 3782 Sed
779 3720 846 3799 quia
869 3720 948 3782 inter
968 3739 1074 3782 eorum
1099 3720 1253 3784 notionem
1274 3730 1305 3782 ot
1325 3729 1490 3801 etpmnrum

201 3841 318 3905 pertun
337 3820 490 3894 convenit,
523 3820 582 3882 hoe
608 3820 727 3882 domum
754 3820 786 3882 in
813 3820 879 3882 loco
909 3838 925 3881 a
957 3839 1005 3882 me
1032 3821 1177 3888 illustrata
1204 3829 1293 3897 sunt,
1323 3841 1384 3903 quo
1408 3821 1490 3902 quasi
1577 3839 1578 3843 ¹

207 3925 368 3986 transitum
391 3923 422 3986 in
444 3922 540 4002 aliam
558 3920 836 3982 commentationem
866 3919 977 3982 indunt
1003 3921 1034 3984 in
1057 3922 1175 4002 quade
1203 3923 1325 3986 notione
1348 3931 1378 3986 et
1414 3928 1490 3986 stru-

204 4031 296 4086 ‚mma
323 4025 506 4104 reliquorum
532 4021 742 4086 vocabulorum
769 4021 980 4100 disputandum
1008 4031 1087 4086 esset
1114 4032 1144 4086 et
1157 4009 1396 4106 'anquirendum
1417 4041 1485 4084 num

204 4123 284 4204 ‚quid
306 4124 362 4184 hae
383 4135 420 4186 etr
439 4131 523 4204 parte
551 4125 630 4189 inter
655 4123 771 4204 priores
799 4129 827 4184 et
859 4121 1046 4204 posteriores·
1063 4123 1214 4204 Odysseae
1234 4125 1426 4206 rhapsodias,
1457 4123 1486 4185 in

205 4223 323 4306 ouibus
344 4224 447 4284 eadem
470 4234 650 4304 usurpantur
671 4223 820 4301 vocabula
841 4223 959 4286 intersit
981 4235 1011 4288 et
1029 4236 1183 4304 quantum.

297 4325 358 4388 Sed
384 4324 460 4386 haec
487 4325 602 4403 lougius
635 4325 789 4388 absonia
816 4325 978 4405 proposito.
1022 4325 1198 4412 Iamrestet
1219 4327 1305 4393 utin
1328 4329 1483 4390 unecon-
1575 4376 1579 4413 s

199 4415 402 4492 'meseconis
416 4443 574 4496 summam
594 4425 708 4505 paucis
735 4425 832 4488 verbis
867 4426 1116 4506 comprehendam
1143 4436 1173 4496 ei
1201 4428 1331 4494 breuiter
1363 4428 1487 4492 indicem
1576 4418 1579 4445 ¹

210 4528 283 4612 qnid
305 4525 511 4607 disqroisiti'one
533 4541 599 4586 mea
615 4536 773 4590 ‚amoenius
788 4527 874 4608 mihi
896 4547 962 4592 esse
983 4529 1091 4612 rideam
1133 4531 1231 4610 arque
1250 4549 1301 4594 res
1322 4530 1366 4596 ita
1386 4549 1419 4592 se
1439 4529 1489 4590 ha-
1581 4551 1582 4558 ¹

202 4628 271 4692 oet.
316 4627 437 4692 Gensrdt
467 4626 632 4708 chpertus
661 4630 821 4693 secundam
854 4629 1008 4711 Odysseae.
1034 4632 1299 4722 partem'indea
1331 4629 1489 4714 rhapsodin
1581 4673 1582 4708 3
