3188 5328
830 347 873 412 ²⁰
949 293 957 314 .

315 533 348 600 h.
370 531 457 600 Dian.
482 533 559 598 taut
581 527 714 610 πότνια,
737 531 804 596 τῶν
826 529 877 615 alp
899 529 960 614 μὲν
982 525 1058 612 ἐμοὶ
1079 528 1187 614 φίλας,

316 635 559 702 n.nel.v.113=
582 619 747 716 ὦπάτερ,
770 626 809 698 αὖ
831 628 897 718 μὴν
919 629 1030 697 ίιιπον
1052 622 1193 696 ἀέθλιον
1215 623 1454 719 ἀμφιβέβηκας.

211 739 350 804 Ceterum
371 738 503 802 seeundo
523 738 555 798 in
577 735 653 816 pede
675 734 827 816 spondens
848 734 928 815 apud
951 731 1160 796 Callimachum
1181 733 1340 815 legitimam
1363 736 1420 798 eibi
1441 755 1499 800 se-

211 842 280 904 dem
302 839 455 922 qnaesivit,
478 846 508 900 et
528 836 701 918 saepissime
722 836 754 900 in
776 855 813 898 eo
836 835 995 898 invenitor.
1028 899 1032 910 ,
1364 915 1369 928 ¹

296 943 331 1005 ln
359 941 477 1004 tertium
507 939 674 1019 spondeum
696 955 732 1000 aa
753 937 833 1000 cadit
851 937 915 1012 lou,
938 953 1027 1017 mam
1049 935 1201 1018 apioorum
1222 946 1377 1018 poetarum
1399 958 1494 1002 nemo

209 1053 283 1128 puto
310 1043 440 1118 violavit,
466 1049 501 1104 ut
527 1057 647 1121 semper
672 1038 900 1121 penthemimari
928 1037 1101 1102 diemoetnr.
1144 1039 1229 1102 Hane
1256 1049 1355 1104 autem
1382 1041 1493 1122 legem,

210 1163 301 1228 φιιια
321 1163 339 1208 a
360 1143 480 1207 nemine
502 1142 600 1206 adhue
619 1139 840 1222 pronuntiatam
862 1157 929 1204 enan
949 1139 1052 1216 miror,
1074 1157 1113 1203 na
1135 1159 1278 1204 numeros
1294 1143 1392 1206 omnis
1407 1163 1494 1206 even-

208 1256 330 1322 teretur‚
351 1263 477 1328 prorsus
498 1243 698 1306 neeessariam
718 1241 820 1319 fralmo,
845 1249 981 1324 apertum
1003 1251 1058 1306 oet.
1101 1242 1215 1324 Nempe
1236 1244 1263 1305 ei
1284 1245 1383 1306 versui
1404 1245 1494 1308 ouius

207 1350 328 1413 tertium
349 1349 448 1410 looum
469 1345 621 1426 spondeus
643 1343 778 1419 obtinuit,
801 1343 883 1426 optio
903 1343 992 1406 datur
1009 1352 1061 1407 aut
1073 1343 1153 1406 inter
1166 1345 1407 1426 semiquinariam
1422 1366 1492 1411 oae-

209 1469 311 1516 anram
332 1449 377 1512 vel
398 1445 683 1527 semisepunanom
706 1454 757 1508 aut
777 1463 935 1508 nnmerum
956 1447 1022 1508 eine
1043 1445 1103 1508 nlla
1118 1465 1240 1510 anesum
1255 1467 1379 1528 prorsus
1394 1447 1494 1511 dum-

208 1551 288 1616 bem.
332 1551 371 1614 Et
398 1547 659 1629 semiseptenariae
686 1547 798 1628 aliquot
825 1546 958 1628 exempla
985 1549 1063 1629 apud
1086 1548 1248 1612 Homerum
1270 1558 1387 1627 extant,
1408 1549 1493 1613 velut

81 1719 83 1732 ,
209 1653 304 1732 llll,
329 1653 401 1718 628.
428 1651 469 1728 Θ,
494 1651 571 1716 182:

415 1744 462 1830 ὥς
482 1751 564 1835 πυρί
586 1749 667 1836 νῆας
684 1745 868 1836 ἐνιπρήσω,
889 1752 1006 1816 κτείνω
1028 1747 1065 1816 δὲ
1084 1749 1140 1814 καί
1163 1741 1291 1828 odanda.

210 1855 364 1922 sinadam
385 1853 474 1917 Anth.
495 1852 556 1914 Pal.
578 1850 602 1927 l,
619 1855 671 1926 64,
689 1855 724 1914 i:

415 1949 634 2030 lacedemonia
655 1950 735 2017 δίκα
756 1953 924 2030 Φοίνικας,
948 1949 1143 2018 δυοκαίδεκα
1163 1951 1281 2039 πηγάς.

210 2056 481 2140 llephthemimoris
503 2063 601 2118 autem
623 2073 691 2118 oum
712 2055 771 2118 iam
792 2072 848 2136 per
868 2073 902 2116 ea
923 2052 1047 2116 molesta
1068 2054 1117 2130 eit,
1147 2064 1211 2118 turn
1233 2057 1264 2118 in
1286 2057 1333 2119 his
1354 2057 1492 2122 versibus

211 2161 281 2223 ferri
304 2177 364 2222 non
386 2158 491 2240 potuit,
514 2157 565 2238 qui
587 2157 627 2220 ita
648 2157 679 2218 in
701 2156 762 2220 duo
782 2156 845 2218 lere
866 2155 977 2237 pedum
997 2156 1080 2236 paria
1101 2155 1311 2220 dirimerentur

512 2281 809 2312 --------
828 2261 1180 2334 Ι-Πυυ-υυ--
1265 2305 1266 2310 ,

211 2372 241 2425 et
267 2363 304 2424 ad
332 2361 483 2426 horridam
514 2361 638 2424 Tzetzae
664 2358 823 2422 metricam.
849 2359 1039 2434 accederent,
1074 2360 1126 2440 qui
1157 2361 1235 2423 inter
1266 2362 1323 2425 alia
1354 2371 1491 2426 monstra

212 2465 301 2530 etiam
321 2464 397 2528 talea
416 2481 520 2526 versus
542 2460 685 2537 lormavit,
707 2459 810 2541 qualos
831 2468 903 2524 aunt
924 2461 1080 2524 Antohom.

339 2567 440 2630 v.12=
463 2560 538 2630 aiod
561 2561 597 2627 dd
618 2560 875 2641 Πενθεσίλειαν,
894 2559 1014 2648 κούρην
1036 2555 1254 2649 ἀντιάνειραν.

339 2685 365 2731 v.
382 2669 438 2732 28:
462 2655 534 2729 οὐδ’
560 2657 626 2747 dion
645 2659 710 2748 μὴν
730 2660 812 2730 τάδε
831 2666 982 2747 Μοίραις
1002 2658 1123 2750 ἥνδανε
1142 2663 1406 2754 χαίκιοκμήτοις.

317 2787 346 2832 r.
363 2773 440 2835 101:
459 2757 621 2850 Ἀστιρίῳ
641 2763 779 2850 βασιλῆι
799 2762 963 2851 Κρητάων
982 2789 1047 2850 περ
1069 2763 1167 2834 ίόντι

318 2888 344 2932 v.
363 2871 440 2935 113:
463 2860 540 2934 οὐδὲ
560 2866 621 2950 μὲν
643 2859 702 2932 οὐκ
724 2859 921 2954 ἀντίπληξε·
943 2866 1067 2952 πλῆξιν
1089 2867 1129 2935 δὲ
1146 2870 1200 2934 καί
1223 2862 1334 2956 αὐτήν.

212 2973 306 3054 Atque
334 2972 394 3034 hoo
420 2971 539 3052 quidem
560 2971 619 3032 iarn
643 2969 765 3034 Woldue
786 2978 866 3033 reete
888 2980 1093 3052 perspexerat,
1125 2975 1219 3053 prael.
1241 2993 1308 3036 nov.
1331 2973 1378 3036 ed.
1401 2973 1491 3036 llom.

212 3093 242 3156 p.
264 3077 315 3140 68.
359 3073 515 3136 Praeterea
541 3089 610 3134 vero
638 3071 764 3134 eandem
793 3091 912 3154 proque
939 3090 1074 3136 museum
1102 3093 1170 3138 esee
1191 3093 1315 3150 censeo,
1347 3094 1401 3138 eur
1421 3085 1492 3156 poet

212 3174 455 3255 semiquinariam
482 3173 562 3236 illam
590 3173 719 3236 secunda
748 3175 873 3254 spondei
900 3173 1009 3256 syllaba
1037 3195 1099 3238 non
1128 3196 1164 3240 ex
1190 3178 1391 3258 monosyllaba
1418 3196 1491 3240 vooe

213 3286 351 3340 onustare
371 3275 481 3356 possit,
505 3274 563 3336 nisi
585 3283 636 3337 aut
657 3274 789 3338 enclitioa
811 3276 1090 3356 renumerandum,
1113 3287 1165 3340 aut
1184 3278 1283 3359 ipsum
1304 3279 1490 3361 proelitionm

213 3378 253 3442 ait
274 3379 311 3439 ad
333 3377 487 3457 sequentia
509 3375 632 3458 propius
653 3377 995 3458 momenmentum,
1018 3379 1158 3442 articulus
1180 3389 1249 3444 ante
1264 3381 1489 3458 substantivum,

211 3479 258 3544 vel
280 3479 457 3555 coniunctio.
500 3477 585 3541 Velut
605 3477 636 3540 h.
657 3477 716 3541 lov.
740 3480 775 3545 8:

443 3580 569 3666 Κρῆδις
591 3572 642 3646 ἀεὶ
663 3579 826 3664 ψεῦσται.
846 3578 905 3644 καὶ
925 3575 987 3664 γὰρ
1009 3575 1127 3666 τάφον,
1152 3569 1179 3647 ὦ
1202 3579 1274 3662 δίκα,
1299 3591 1380 3650 orto.

319 3701 346 3746 v.
358 3685 415 3750 ³52
436 3678 641 3768 βρισβυιάτῃ
663 3678 827 3768 νυμφέων,
851 3678 890 3746 αί
907 3705 966 3764 μιν
986 3678 1064 3748 τότε
1083 3681 1286 3768 μαιώσαντο.

213 3784 244 3849 h.
266 3784 361 3866 Apoll.
376 3787 429 3850 42.
450 3784 481 3847 ln.
503 3785 589 3847 Bion.
605 3787 677 3850 296.
694 3786 766 3849 262.
782 3787 856 3849 aot.
877 3783 908 3846 h.
928 3783 992 3846 Del.
1008 3787 1082 3852 286.
1193 3795 1201 3804 “

300 3885 456 3967 spondeus
483 3886 516 3948 in
545 3894 650 3968 quarto
671 3885 748 3964 pede
768 3885 879 3947 maiora
901 3884 1000 3966 aliqtro
1021 3887 1167 3950 contineri
1188 3886 1329 3950 vocabulo
1351 3880 1493 3971 διιερδι-

214 3982 368 4071 συλλάβῳ
391 3985 486 4063 debet,
509 3987 554 4049 vel
576 3988 602 4050 si
622 3985 886 4065 nephthemimerie
906 3987 1004 4050 looum
1025 3987 1124 4064 habet,
1157 3988 1251 4052 thesis
1272 3989 1377 4054 saltem
1399 4009 1493 4072 spon·

215 4089 297 4150 δὶιιι
326 4089 364 4152 ad
384 4089 442 4152 tale
463 4088 622 4170 pertinebit
641 4086 825 4150 vocabulum.
868 4089 964 4168 Atque
983 4086 1044 4150 huo
1064 4105 1099 4151 ea
1120 4091 1276 4154 relerenda
1298 4101 1383 4168 eunt,
1413 4110 1492 4173 quae

123 4223 135 4240 ·
216 4190 396 4254 Gerhardins
417 4191 496 4252 leott.
506 4189 599 4270 Apoll.
622 4208 653 4271 p.
671 4192 731 4255 147
746 4207 812 4270 sqq.
835 4187 1049 4270 depositionis
1070 4209 1128 4253 usu
1149 4191 1180 4254 in
1203 4193 1345 4274 spondeis
1367 4202 1492 4274 quartae

215 4292 295 4355 sedis
317 4290 482 4373 disputavit,
505 4307 580 4369 quae
601 4297 703 4353 nostra
724 4291 844 4353 demum
865 4291 929 4371 lege
951 4292 1069 4358 firmum
1092 4294 1240 4376 accipiunt
1254 4295 1492 4360 tundamentum.

190 4376 240 4456 ‘n
271 4392 448 4457 Callimacho
477 4390 667 4452 munerantur
692 4391 723 4452 n.
752 4394 810 4456 nv.
835 4397 864 4457 1.
885 4397 937 4459 no.
953 4395 1004 4458 na.
1021 4397 1071 4459 no.
1088 4398 1141 4461 no.
1156 4399 1207 4462 eo.
1224 4400 1264 4461 ιι
1280 4397 1344 4460 ren.
1387 4397 1494 4478 oeque

213 4506 275 4560 tam
296 4497 328 4559 h.
349 4498 404 4575 Ap.
421 4494 476 4557 12ι

439 4588 522 4678 μήτε
543 4588 715 4678 dimunitio
735 4597 881 4680 κίδαριν,
902 4587 974 4682 μήτ’
999 4591 1138 4684 δίψοφον
1159 4596 1259 4682 ἴχνος.
