3188 5328
747 303 789 370 22

13 545 18 560 .
127 485 245 574 νόστῳ.
269 493 307 568 Ζ,
324 491 380 554 48:
404 467 522 554 αὐτίκα
543 479 577 552 d'
600 478 668 572 ἠὼς
688 472 802 574 ἦλθεν,
826 497 857 554 et
876 506 903 550 v.
918 493 975 554 51:
998 488 1102 573 πατρὶ
1125 487 1214 575 φίλῳ
1228 489 1283 556 καλ
1297 493 1407 576 μητρί,
1497 547 1503 552 .

12 631 17 644 ·
130 611 257 674 numum
279 593 339 653 lere
362 609 466 654 omnes
488 591 568 652 haud
589 609 711 672 perram
724 591 840 654 reniam
861 609 899 654 ex
920 592 1146 672 emanantem
1168 592 1408 674 interpunctione

13 751 17 766 ,
132 693 289 774 accipiunt.
333 691 397 754 Hoc
424 700 523 754 autem
548 691 581 754 iu
608 691 673 754 loco
702 711 806 756 eorum
825 693 933 754 iterum
955 693 1127 756 meminisse
1147 694 1243 770 iurat,
1272 695 1408 775 quaeda

13 841 15 883 ,
127 796 166 860 iis
194 794 327 857 versibus
355 793 405 874 quai
426 793 458 856 in
480 793 567 856 tortio
588 793 665 874 pede
694 811 847 858 caestnem
873 793 986 857 babent
1012 796 1206 872 trochaicam,
1235 795 1348 877 Spnhn.
1370 796 1409 860 de

13 959 15 970 ,
68 957 71 962 ,
126 904 199 960 extr.
211 905 288 978 part.
311 893 368 958 Od.
383 915 413 976 p.
430 899 492 962 233
515 895 687 973 obsemavt,
710 915 786 978 quac
808 915 877 958 cum
897 904 1000 959 nostre
1014 895 1079 978 lege
1093 898 1204 979 optimc
1219 897 1407 960 conveniunt

13 1061 15 1072 ,
127 999 213 1064 Hanc
235 999 315 1065 enim
337 997 399 1072 ille,
417 1007 576 1078 postquam
596 997 751 1078 aspernari
771 997 1018 1080 praecedentibus
1040 998 1072 1060 in
1092 998 1219 1078 pedibus
1241 999 1409 1079 spondeum

13 1153 14 1164 ,
128 1100 273 1182 exposuit,
295 1100 454 1175 interdum,
477 1099 582 1180 inspuit,
605 1099 778 1179 dactylicam
799 1117 911 1178 vocem,
930 1097 965 1160 in
986 1099 1062 1178 pede
1083 1099 1181 1179 primo
1201 1101 1338 1180 positam,
1360 1119 1409 1163 se·

130 1203 230 1282 quitur
251 1201 401 1282 spondeus
423 1201 453 1264 in
475 1203 552 1282 pede
573 1200 717 1276 secundo,
740 1218 918 1282 quamquem
940 1199 1025 1262 adest
1044 1201 1077 1262 in
1091 1202 1169 1282 pede
1183 1201 1271 1264 tertio
1286 1219 1409 1264 caesura

126 1303 292 1380 trochaica3
321 1304 391 1366 hoc
418 1313 542 1366 autem
570 1302 791 1384 plerumque
814 1309 903 1364 tunc
923 1308 1068 1364 tantum
1090 1302 1150 1378 fit,
1180 1303 1244 1364 ubi
1266 1311 1328 1365 aut
1349 1321 1409 1366 se-

128 1406 261 1486 quitur
287 1405 392 1467 illam
424 1403 649 1486 dactylicam
682 1419 807 1466 rocem
838 1401 993 1465 verbum
1024 1395 1407 1488 ὖιτερδισύλλαβον.
1448 1386 1453 1400 ’

126 1511 179 1570 eut
198 1507 231 1570 in
253 1515 337 1588 parte
359 1507 524 1588 posteriore
546 1504 622 1566 meri
642 1504 757 1584 dactyli,
780 1512 832 1566 aut
851 1505 902 1567 ubi
919 1513 1078 1586 utrumque
1094 1506 1182 1568 simul
1196 1507 1289 1568 adest.
1314 1506 1409 1578 Quar-

126 1620 174 1673 tae
201 1609 259 1690 legi
288 1628 363 1689 quae
390 1610 597 1670 hexametrum
622 1614 692 1688 post
717 1606 847 1688 primum
872 1608 1035 1670 molossum
1062 1607 1334 1691 μσνορηματιιιῶς
1354 1625 1410 1688 per

126 1711 380 1794 palimbacoheum
403 1707 636 1770 continuandrnn
655 1725 724 1770 esse
746 1709 842 1784 docet,
863 1707 944 1770 haud
965 1727 1059 1790 pauca
1080 1716 1200 1789 praesto
1219 1717 1289 1772 suet
1311 1727 1409 1772 exent-

127 1813 187 1894 pla,
209 1812 297 1873 veluti
320 1815 356 1888 Γ,
374 1813 431 1876 38:
453 1805 511 1876 τὸν
534 1801 565 1872 d'
582 1801 704 1894 Ἕκτωρ
725 1812 900 1876 νείκεσσεν.
922 1829 949 1872 ν.
966 1813 1023 1874 52:
1045 1803 1105 1874 oda
1127 1799 1167 1875 o'lr
1189 1807 1228 1895 δὴ
1251 1813 1406 1892 μείνειας.

126 1933 154 1975 ν.
171 1916 230 1978 99:
255 1904 425 1996 Ἀργείους
451 1911 505 1976 καί
537 1911 662 1995 Τρῶας.
701 1919 726 1976 e.
752 1914 807 1976 tt:
836 1904 883 1989 ὥς
911 1907 1002 1988 οὔτις
1028 1915 1193 1995 μέμνηται
1216 1903 1406 1996 Ὀδυσσῆος·

84 2001 85 2013 ’
127 2034 154 2077 ν.
172 2019 228 2080 17:
251 2011 288 2079 οἵ
306 2017 360 2078 κέν
380 2037 438 2096 μιν
460 2013 636 2096 odouacer.
681 2013 717 2074 In
739 2013 918 2076 matronam
939 2023 1054 2094 partam
1077 2015 1202 2078 abeunt:
1233 2017 1332 2092 a,24:
1362 2005 1408 2090 ὥς

125 2112 204 2202 ἤτοι
230 2119 366 2193 κείνους.
402 2120 446 2193 Ζ,
463 2118 522 2181 29:
549 2112 584 2180 ἐκ
604 2109 666 2199 γάρ
688 2135 743 2180 τοι
764 2111 900 2180 τούτων.
937 2119 975 2192 Γ,
991 2119 1028 2180 2:
1061 2115 1173 2199 Τρῶες
1193 2115 1253 2198 μὲν
1274 2113 1405 2200 κλαγγῇ.

126 2223 222 2284 ν.42ε
244 2209 266 2302 ἢ
281 2212 368 2282 οἵτιυ
384 2214 502 2302 λώβην.
525 2221 617 2282 ubba
635 2209 749 2282 οὗκιλν
763 2237 818 2282 τοι
830 2217 984 2302 χρμισμῇ.
1008 2221 1099 2282 uid:
1116 2220 1256 2282 ναίοιτε
1274 2221 1406 2303 Τροίην.

212 2321 257 2382 lle
284 2320 417 2401 spondeo
445 2319 477 2380 in
500 2319 586 2381 tertio
608 2320 684 2399 pede
707 2319 848 2400 quoniam
870 2319 980 2382 dictum
1002 2328 1063 2394 est,
1093 2319 1227 2398 sequitur
1249 2328 1329 2382 sexta
1351 2318 1406 2394 lar,

127 2441 203 2502 quae
226 2430 363 2502 murtam
385 2422 551 2502 spondeum
573 2429 624 2484 aut
644 2421 756 2484 maiore
776 2419 876 2500 eliaam
891 2419 1032 2484 vocabulo
1045 2411 1321 2506 ὗπυρδισυλλάβῳ
1337 2439 1408 2484 con·

127 2524 215 2586 lineri
236 2523 327 2596 iubet,
351 2524 388 2585 cl.
405 2527 441 2600 Γ,
461 2527 509 2586 14.
529 2527 577 2587 15.
596 2525 646 2588 16.
662 2525 714 2586 22.
731 2526 782 2588 27.
800 2525 840 2588 30
855 2523 933 2598 rell,
953 2531 1004 2586 aut
1024 2523 1220 2604 praecedente
1242 2522 1408 2603 hepthemi-

126 2626 202 2688 meri
231 2625 334 2688 saltem
363 2625 462 2686 thesin
490 2625 616 2706 spondei
638 2624 675 2686 ed
698 2623 842 2686 eiusmodi
865 2623 1013 2706 pertinere
1035 2623 1225 2699 vocabulum,
1253 2627 1290 2704 Γ,
1308 2627 1339 2690 8.
1355 2627 1406 2692 28.

126 2730 178 2794 48.
195 2730 246 2794 811.
291 2727 351 2788 Sed
373 2727 447 2788 haec
466 2727 532 2808 ipsa
555 2745 590 2789 ea
612 2735 659 2788 est
678 2726 727 2788 lox
747 2743 836 2806 qnam
858 2725 991 2788 omnium
1012 2726 1138 2788 maxime
1161 2725 1287 2806 neglexit
1296 2727 1408 2792 Home·

47 2835 54 2846 '
125 2848 187 2904 rus,
210 2848 277 2892 oum
299 2828 393 2892 thesis
415 2828 576 2908 spondiaco
599 2847 660 2890 uon
682 2828 777 2892 solum
799 2829 971 2908 frequenter
992 2827 1165 2889 admodum
1180 2827 1405 2909 adbisyllabunt

126 2931 276 3013 pertineat
302 2929 492 3004 vocabulum,
520 2932 558 3006 Γ,
575 2933 626 2994 36.
642 2931 694 2994 38.
710 2932 761 2993 72.
777 2931 829 2994 81.
845 2931 904 3003 92,
927 2929 979 2990 sed
1002 2928 1091 2990 etiam
1111 2928 1191 2990 baud
1214 2948 1281 2992 raro
1303 2949 1408 2992 mono·

128 3033 238 3112 syllaba
261 3031 308 3105 sit,
331 3031 409 3092 velut
429 3035 469 3108 Z,
486 3034 543 3095 27:
566 3028 622 3094 ἵνα
641 3025 701 3114 χρὴ
722 3025 807 3094 καλὰ
820 3026 881 3112 μὲν
896 3019 996 3116 αὐτήν
1012 3038 1042 3093 ot
1055 3049 1081 3091 v.
1098 3032 1156 3095 33:
1179 3026 1230 3094 dcc
1243 3027 1304 3115 θὴν
1318 3052 1407 3116 παρ-

125 3135 228 3210 θένος
250 3126 375 3209 ἔσσεαι,
397 3151 437 3194 ne
459 3132 497 3194 de
518 3131 787 3214 praepositionibus
809 3131 914 3207 dimna,
937 3132 1033 3213 deque
1054 3131 1119 3210 καὶ,
1142 3122 1164 3216 ἢ
1184 3132 1345 3213 particulis,
1369 3135 1406 3198 dc
1455 3185 1459 3192 .

126 3232 172 3314 ὣς
199 3235 322 3315 aliisque
351 3233 381 3295 id
408 3252 512 3314 genus.
555 3235 596 3296 Αο
623 3252 663 3296 ne
683 3232 704 3296 ii
727 3233 845 3314 quidem
868 3233 976 3298 desunt
995 3251 1114 3311 versus,
1142 3234 1174 3296 in
1197 3235 1303 3316 quibus
1327 3243 1406 3299 totus

125 3337 277 3418 spondeus
299 3335 474 3416 bisyllabum
489 3343 535 3398 est
548 3335 730 3412 vocabulum,
752 3335 831 3398 velut
841 3339 882 3414 Ζ,
900 3338 935 3401 8:
957 3331 1033 3413 ἑκὰς
1048 3327 1177 3422 ἀνδρῶν
1193 3328 1403 3422 ἀλφηστάων.

122 3459 150 3502 r.
165 3441 226 3504 31:
249 3429 304 3520 ἅμ’
328 3429 385 3522 ἠοῖ
406 3439 643 3524 φαινομένῃφι.
665 3441 704 3515 Γ,
720 3442 778 3504 20:
801 3433 836 3502 ίν
857 3433 934 3522 αἰνῇ
950 3437 1109 3522 δηιοτῆτι.
1130 3458 1158 3499 ν.
1174 3441 1231 3502 49ι
1255 3434 1332 3502 νυὸν
1348 3428 1406 3502 ἂν·

125 3539 213 3624 δρῶν
236 3535 434 3623 αἰχμητάων.
465 3539 504 3601 Et
525 3559 592 3602 cum
615 3539 760 3602 eiusmodi
782 3557 885 3602 versus
905 3557 938 3600 re
961 3557 1030 3600 vera
1052 3538 1173 3600 auribus
1194 3538 1305 3600 nullam
1320 3557 1406 3618 proc·

124 3643 217 3706 beent
238 3641 414 3716 molestiam,
434 3659 495 3702 non
518 3660 582 3702 eam
606 3640 720 3714 saltem
744 3639 860 3719 qualem
882 3639 932 3700 ilie
952 3639 1058 3702 Tibulli
1079 3657 1182 3701 remus
1204 3638 1228 3700 l.
1246 3643 1273 3717 1,
1290 3641 1347 3704 37:

423 3741 535 3815 adsitis,
558 3741 627 3815 divi,
648 3759 706 3802 nec
725 3757 778 3802 vos
800 3757 816 3802 ο
837 3757 969 3821 paupere
990 3759 1104 3816 mensa,

124 3848 251 3910 fortasse
280 3843 470 3907 statuendum
497 3851 558 3918 est,
586 3843 665 3904 hanc
685 3842 780 3924 leg'em
801 3861 891 3924 quam
912 3841 969 3904 sibi
989 3841 1177 3904 Alexandrini
1200 3840 1406 3922 imposuerunt

109 3956 239 4030 poetae,
263 3953 406 4019 nontam
429 3963 445 4006 e
468 3945 549 4006 lontc
565 3943 722 4006 Homerico
744 3944 874 4022 fluxisse,
899 3962 987 4026 quam
1010 3962 1026 4004 e
1050 3942 1170 4024 reliquis
1193 3961 1295 4006 eorum
1316 3945 1406 4008 ratio·

124 4049 213 4110 nibus
234 4046 374 4122 metricis,
401 4046 509 4126 quibus
531 4045 643 4109 inducti
663 4045 813 4128 longiores
834 4046 866 4109 in
887 4045 1058 4108 universum
1080 4044 1200 4108 ordines
1218 4045 1404 4110 ¹brevioribus

124 4149 276 4231 praeferre
298 4158 485 4211 consuerant.
518 4148 626 4210 Contra
648 4147 686 4210 de
707 4148 812 4228 punto
834 4147 969 4228 spondeo
991 4147 1142 4210 fatendum
1164 4156 1219 4224 est,
1242 4168 1309 4211 eum
1325 4148 1404 4230 apud

124 4251 287 4314 Homerum
309 4265 437 4328 quoque,
470 4267 537 4310 ουνο
559 4259 641 4312 sexto
662 4250 740 4332 pede
761 4267 854 4313 unum
875 4248 1050 4330 plerumque
1072 4249 1209 4328 exhibere
1230 4249 1404 4348 vocabulum
1504 4275 1510 4288 ν

125 4349 392 4434 cumpletum,
421 4359 452 4412 et
478 4351 606 4414 ruiorcs
629 4371 695 4414 esse
716 4350 880 4432 trisyllabus
901 4350 1063 4414 buametri
1085 4349 1247 4426 clausulas,
1277 4350 1403 4430 aleatga
1508 4381 1510 4388 ·

124 4453 233 4537 syllaba
255 4452 441 4534 incipientes

209 4553 263 4619 llis
289 4563 390 4618 eutem
416 4553 458 4618 ite
486 4553 641 4636 expositis,
670 4573 737 4618 cuna
765 4553 945 4638 ostenderim
971 4553 1043 4636 quid
1065 4552 1220 4616 conveniat
1240 4550 1401 4618 nonaum
